<?xml version="1.0" encoding="UTF-8"?>
<collection xmlns:xsi="http://www.w3.org/2001/XMLSchema-instance" xsi:schemaLocation="http://www.loc.gov/MARC21/slim http://www.loc.gov/standards/marcxml/schema/MARC21slim.xsd" xmlns="http://www.loc.gov/MARC21/slim">
<record>
  <leader>00808cam a2200193 u 4500</leader>
  <controlfield tag="001">648916</controlfield>
  <controlfield tag="003">NNC</controlfield>
  <controlfield tag="005">20100307233517.0</controlfield>
  <controlfield tag="008">880513s1906    ua ||||||||| |||||||ara |</controlfield>
  <datafield tag="035" ind1=" " ind2=" ">
    <subfield code="a">(OCoLC)60601338</subfield>
  </datafield>
  <datafield tag="035" ind1=" " ind2=" ">
    <subfield code="a">(OCoLC)ocm60601338</subfield>
  </datafield>
  <datafield tag="035" ind1=" " ind2=" ">
    <subfield code="a">(CStRLIN)NYCG88-B34444</subfield>
  </datafield>
  <datafield tag="035" ind1=" " ind2=" ">
    <subfield code="9">ACV6060CU</subfield>
  </datafield>
  <datafield tag="035" ind1=" " ind2=" ">
    <subfield code="a">(NNC)648916</subfield>
  </datafield>
  <datafield tag="100" ind1=" " ind2=" ">
    <subfield code="a">Birmawi, Ibrahim ibn Muhammad,</subfield>
    <subfield code="d">d. 1694.</subfield>
  </datafield>
  <datafield tag="245" ind1="1" ind2="0">
    <subfield code="a">Hashiyat al-ustadh al-ʻalim al-ʻallamah al-ʻumdah al-fahhamah faqih zamanihi wa-wahid ʻasrihi wa-awanih shaykh al-Islam wa-al-Muslimin ʻumdat al-muhaqqiqin burhan al-din al-shaykh Ibrahim al-Shafiʻi al-Birmawi ʻala sharh al-Ghayah lil-ʻallamah Ibn Qasim al-Ghazzi rahimahuma Allah taʻala amin.</subfield>
  </datafield>
  <datafield tag="250" ind1=" " ind2=" ">
    <subfield code="a">2nd. ed.</subfield>
  </datafield>
  <datafield tag="260" ind1=" " ind2=" ">
    <subfield code="a">Misr :</subfield>
    <subfield code="b">al-Matbaʻah al-Azhariyah al-Misriyah,</subfield>
    <subfield code="c">1324h [1906]</subfield>
  </datafield>
  <datafield tag="300" ind1=" " ind2=" ">
    <subfield code="a">326 p.</subfield>
  </datafield>
  <datafield tag="955" ind1=" " ind2=" ">
    <subfield code="b">CU59576758</subfield>
    <subfield code="d">off,glx</subfield>
    <subfield code="e">ME06693</subfield>
  </datafield>
</record>
</collection>